@string {mit-press = "MIT Press"}
@string {addison = "Addison-Wesley"}
@string {cacm = "Communications of the ACM"}

@article{ebrahimi-rainfall,
  author = "Alireza Ebrahimi",
  title = "Novice programmer errors: language constructs and plan composition",
  journal = "International Journal of Human-Computer Studies",
  volume = 41,
  pages ="457--480",
  year = 1994
}

@article{simon-rainfall-harder13,
  author = {Simon},
  title = "Soloway's {Rainfall} Problem Has Become Harder",
  journal ={Learning and Teaching in Computing and Enginering},
  pages = {130--135},
  doi = {http://doi.ieeecomputersociety.org/10.1109/LaTiCE.2013.44},
  publisher = {IEEE Computer Society},
  year = 2013
}

@book{htdp,
  author = "Matthias Felleisen and Robert Bruce Findler and Matthew
  Flatt and Shriram Krishnamurthi",
  title = "How to Design Programs",
  publisher = mit-press,
  year = 2001
}


@book{ghjv:patterns,
  author = "Erich Gamma and Richard Helm and Ralph Johnson and John Vlissides",
  title = "{Design Patterns} : Elements of Reusable Object-Oriented Software",
  publisher = addison,
  year = 1995
}

@article{ostrand-weyuker-error-coding,
  author = "Thomas Ostrand and Elaine Weyuker",
  title = "Collecting and categorizing software error data in an
industrial environment",
  journal = "Journal of Science and Software",
  volume = 4,
  pages = "289--300",
  year = 1984
}

@article{soloway-learning86,
 author = "Elliot Soloway",
 title = "Learning to Program = Learning to Construct Mechanisms and Explanations",
 journal = cacm,
 volume = {29},
 number = {9},
 month = sep,
 pages = {850--858},
 year = {1986}
}

@inproceedings{spohrer-soloway-simulating-studprog,
 author = {Spohrer, James C. and Soloway, Elliot},
 title = "Simulating Student Programmers",
 booktitle = {International Joint Conference on Artificial Intelligence},
 pages = {543--549},
 year = {1989}
}

@inproceedings{wadler-listlessness84,
 author = {Wadler, Philip},
 title = {Listlessness is Better Than Laziness: Lazy Evaluation and Garbage Collection at Compile-time},
 booktitle = {ACM Symposium on LISP and Functional Programming},
 pages = {45--52},
 year = {1984}
}

@misc{guzdial-rainfall-blog-aug10,
  author = "Mark Guzdial",
  title = "A Challenge to Computing Education Research: Make Measurable Progress",
  howpublished = {\url{https://computinged.wordpress.com/2010/08/16/a-challenge-to-computing-education-research-make-measurable-progress/}},
  month = aug,
  year = 2010,
  note = "Accessed April 14, 2017"
}

@inproceedings{venables-tracing09,
 author = {Venables, Anne and Tan, Grace and Lister, Raymond},
 title = {A Closer Look at Tracing, Explaining and Code Writing Skills in the Novice Programmer},
 booktitle = {Computing Education Research Workshop (ICER)},
 pages = {117--128},
 year = {2009}
}

@article{soloway-bonar-ehrlich-coglooping83,
 author = {Soloway, Elliot and Bonar, Jeffrey and Ehrlich, Kate},
 title = {Cognitive Strategies and Looping Constructs: An Empirical Study},
 journal = {Commun. ACM},
 volume = {26},
 number = {11},
 month = nov,
 pages = {853--860},
 year = {1983}
}

@inproceedings{ginat-novices-interleaved13,
 author = {Ginat, David and Menashe, Eti and Taya, Amal},
 title = {Novice Difficulties with Interleaved Pattern Composition},
 booktitle = {International Conference on Informatics in Schools: Situation, Evolution, and Perspectives},
 series = {ISSEP'13},
 pages = {57--67},
 year = {2013}
}

@inproceedings{muller-ginat-pattern-oriented-instruction07,
  author = "Muller, O. and Haberman, B. and Ginat, D.",
  title = "Pattern-oriented instruction and its influence on problem decomposition and solution construction",
  booktitle = "Proceedings of ITiCSE",
  page = "151--155",
  year = 2007 }

@article{miller-nat-lang-prog81,
  author = "L. A. Miller",
  title = "Natural Language Programming: Styles, Strategies, and Contrasts",
  journal = "{IBM} Systems Journal",
  volume = 20,
  number = 2,
  month = jun,
  year = 1981,
  pages = "184--215"
}

% note this is francis' file below -- may have duplicate entries right now

@article{Pirolli_Anderson_1985,
	title = "The Role of Learning from Examples in the Acquisition of Recursive Programming Skills",
    volume = "39",
    ISSN = "0008-4255",
    number = "2",
    journal = "Canadian Journal of Psychology/Revue canadienne de psychologie",
    author = "Pirolli, Peter L. and Anderson, John R.",
    year = "1985",
    pages = "240-272"	}

@inbook{Pirolli_Anderson_Farrell_1984,
 	title = "Learning to program recursion",
    booktitle = "Proceedings of the Sixth Annual Cognitive Science Meetings",
    author = "Pirolli, Peter L. and Anderson, John R. and Farrell, Robert G.",
    year = "1984",
    pages = "277-280"	}

@inbook{Spohrer_Soloway_1989,
	place = "San Francisco, CA, USA",
    series = "IJCAI '89",
    title = "Simulating Student Programmers",
    booktitle = "Proceedings of the 11th International Joint Conference on Artificial Intelligence - Volume 1",
    publisher = "Morgan Kaufmann Publishers Inc.",
    author = "Spohrer, James C. and Soloway, Elliot",
    year = "1989",
    pages = "543-549",
    collection = "IJCAI '89"	}

@article{Spohrer_Soloway_1986,
	title = "Novice Mistakes: Are the Folk Wisdoms Correct?",
    volume = "29",
    ISSN = "0001-0782",
    number = "7",
    journal = "Commun. ACM",
    author = "Spohrer, James C. and Soloway, Elliot",
    year = "1986",
    month = "July",
    pages = "624-632"	}

@article{Shneiderman_1976,
	title = "Exploratory Experiments in Programmer Behavior",
    volume = "5",
    ISSN = "0091-7036, 1573-7640",
    number = "2",
    journal = "International Journal of Computer and Information Sciences",
    author = "Shneiderman, Ben",
    year = "1976",
    month = "June",
    pages = "123-143"	}

@article{Soloway_Ehrlich_1984,
	title = "Empirical Studies of Programming Knowledge",
    volume = "SE-10",
    ISSN = "0098-5589",
    number = "5",
    journal = "IEEE Transactions on Software Engineering",
    author = "Soloway, Elliot and Ehrlich, Kate",
    year = "1984",
    month = "September",
    pages = "595-609"	}

@article{Rist_1991,
	title = "Knowledge Creation and Retrieval in Program Design: A Comparison of Novice and Intermediate Student Programmers",
    volume = "6",
    ISSN = "0737-0024",
    number = "1",
    journal = "Hum.-Comput. Interact.",
    author = "Rist, Robert S.",
    year = "1991",
    month = "Mar",
    pages = "1-46"	}

@article{Rist_1989,
	title = "Schema Creation in Programming",
    journal = "Cognitive Science",
    author = "Rist, Robert S.",
    year = "1989",
    pages = "389-414"	}

@article{Soloway_1986,
	title = "Learning to Program = Learning to Construct Mechanisms and Explanations",
    volume = "29",
    ISSN = "0001-0782",
    number = "9",
    journal = "Communications of the ACM",
    author = "Soloway, Elliot",
    year = "1986",
    month = "September",
    pages = "850-858"	}

 @book{htdp,
  author = "Matthias Felleisen and Robert Bruce Findler and Matthew
  Flatt and Shriram Krishnamurthi",
  title = "How to Design Programs",
  publisher = "MIT Press",
  year = 2001
}

@article{Berland_Martin_Benton_Smith_Davis_2013,
	title = "Using Learning Analytics to Understand the Learning Pathways of Novice Programmers",
    volume = "22",
    ISSN = "1050-8406",
    number = "4",
    journal = "Journal of the Learning Sciences",
    author = "Berland, Matthew and Martin, Taylor and Benton, Tom and Smith, Carmen Petrick and Davis, Don",
    year = "2013",
    month = "Oct",
    pages = "564-599"
}

@inproceedings{seppala-how-hard-rainfall-koli15,
 author = {Sepp\"{a}l\"{a}, Otto and Ihantola, Petri and Isohanni, Essi and Sorva, Juha and Vihavainen, Arto},
 title = {Do We Know How Difficult the Rainfall Problem is?},
 booktitle = {Proceedings of the 15th Koli Calling Conference on Computing Education Research},
 series = {Koli Calling '15},
 year = {2015},
 isbn = {978-1-4503-4020-5},
 location = {Koli, Finland},
 pages = {87--96},
 numpages = {10},
 url = {http://doi.acm.org/10.1145/2828959.2828963},
 doi = {10.1145/2828959.2828963},
 acmid = {2828963},
 publisher = {ACM},
 address = {New York, NY, USA},
 keywords = {CS1, benchmark, novice programmers, rainfall problem},
}

@inproceedings{fisler-recurring-rainfall14,
 author = {Fisler, Kathi},
 title = {The Recurring Rainfall Problem},
 booktitle = {Proceedings of the Tenth Annual Conference on International Computing Education Research},
 series = {ICER '14},
 year = {2014},
 isbn = {978-1-4503-2755-8},
 location = {Glasgow, Scotland, United Kingdom},
 pages = {35--42},
 numpages = {8},
 url = {http://doi.acm.org/10.1145/2632320.2632346},
 doi = {10.1145/2632320.2632346},
 acmid = {2632346},
 publisher = {ACM},
 address = {New York, NY, USA},
 keywords = {functional programming, novice programmers, plan composition},
}

@inproceedings{castro-top-bottom-design16,
 author = {Castro, Francisco Enrique Vicente and Fisler, Kathi},
 title = {On the Interplay Between Bottom-Up and Datatype-Driven Program Design},
 booktitle = {Proceedings of the 47th ACM Technical Symposium on Computing Science Education},
 series = {SIGCSE '16},
 year = {2016},
 isbn = {978-1-4503-3685-7},
 location = {Memphis, Tennessee, USA},
 pages = {205--210},
 numpages = {6},
 url = {http://doi.acm.org/10.1145/2839509.2844574},
 doi = {10.1145/2839509.2844574},
 acmid = {2844574},
 publisher = {ACM},
 address = {New York, NY, USA},
 keywords = {models of code development, novice programmers, plan composition},
}

@book{fffk:htdp,
  skpaper="true",
  author="Matthias Felleisen and Robert Bruce Findler and Matthew
    Flatt and Shriram Krishnamurthi",
  title="How to Design Programs",
  publisher="{MIT} Press",
  year=2001,
  url="http://www.htdp.org/"}


@article{catrambone-subgoals98,
  author = "Catrambone, Richard",
  year = 1998,
  title = "The subgoal learning model: Creating better examples so that students can solve novel problems",
  journal = "Journal of Experimental Psychology: General",
  volume = 127,
  pages = "355--376",
  doi = "10.1037/0096-3445.127.4.355"
  }

@inproceedings{whalley_qualitative_2014,
	address = {New York, NY, USA},
	series = {{ITiCSE} '14},
	title = {A {Qualitative} {Think}-aloud {Study} of {Novice} {Programmers}' {Code} {Writing} {Strategies}},
	isbn = {978-1-4503-2833-3},
	doi = {10.1145/2591708.2591762},
	booktitle = {Proceedings of the 2014 {Conference} on {Innovation} \& {Technology} in {Computer} {Science} {Education}},
	publisher = {ACM},
	author = {Whalley, Jacqueline and Kasto, Nadia},
	year = {2014},
	pages = {279--284}
}

@article{kinnunen_phenomenography_2012,
	title = {Phenomenography and grounded theory as research methods in computing education research field},
	volume = {22},
	issn = {0899-3408},
	doi = {10.1080/08993408.2012.692928},
	number = {2},
	journal = {Computer Science Education},
	author = {Kinnunen, P\"{a}ivi and Simon, Beth},
	month = jun,
	year = {2012},
	pages = {199--218}
}

@inproceedings{dziallas_fincher_icer16,
 author = {Dziallas, Sebastian and Fincher, Sally},
 title = {Aspects of Graduateness in Computing Students' Narratives},
 booktitle = {Proceedings of the 2016 ACM Conference on International Computing Education Research},
 series = {ICER '16},
 year = {2016},
 isbn = {978-1-4503-4449-4},
 location = {Melbourne, VIC, Australia},
 pages = {181--190},
 numpages = {10},
 url = {http://doi.acm.org/10.1145/2960310.2960317},
 doi = {10.1145/2960310.2960317},
 acmid = {2960317},
 publisher = {ACM},
 address = {New York, NY, USA},
 keywords = {boundary objects, graduateness, narrative methods, qualitative research, turning points, year in industry},
}

@inproceedings{deraadt-watson-toleman-strategies-ace09,
 author = {de Raadt, Michael and Watson, Richard and Toleman, Mark},
 title = {Teaching and Assessing Programming Strategies Explicitly},
 booktitle = {Proceedings of the Eleventh Australasian Conference on Computing Education - Volume 95},
 series = {ACE '09},
 year = {2009},
 isbn = {978-1-920682-76-7},
 location = {Wellington, New Zealand},
 pages = {45--54},
 numpages = {10},
 url = {http://dl.acm.org/citation.cfm?id=1862712.1862723},
 acmid = {1862723},
 publisher = {Australian Computer Society, Inc.},
 address = {Darlinghurst, Australia, Australia},
 keywords = {curriculum, introductory programming, strategies},
}

@article{sorva-break-considered-inroads16,
 author = {Sorva, Juha and Vihavainen, Arto},
 title = {Break Statement Considered},
 journal = {ACM Inroads},
 issue_date = {September 2016},
 volume = {7},
 number = {3},
 month = aug,
 year = {2016},
 issn = {2153-2184},
 pages = {36--41},
 numpages = {6},
 url = {http://doi.acm.org/10.1145/2950065},
 doi = {10.1145/2950065},
 acmid = {2950065},
 publisher = {ACM},
 address = {New York, NY, USA},
} 