@ARTICLE{kinnunen_phenomenography_2012,
	title = {Phenomenography and grounded theory as research methods in computing education research field},
	volume = {22},
	issn = {0899-3408},
	number = {2},
	urldate = {2016-10-20},
	journal = {Computer Science Education},
	author = {Kinnunen, P{\"a}ivi and Simon, Beth},
	month = jun,
	year = {2012},
	pages = {199--218}
}

@BOOK{charmaz_constructing_2006,
	title = {Constructing {Grounded} {Theory}: {A} {Practical} {Guide} through {Qualitative} {Analysis}},
	isbn = {978-1-4462-0019-3},
	shorttitle = {Constructing {Grounded} {Theory}},
	publisher = {SAGE},
	author = {Charmaz, Kathy},
	month = jan,
	year = {2006}
}

@ARTICLE{wood_card_2008,
	title = {Card {Sorting}: {Current} {Practices} and {Beyond}},
	volume = {4},
	issn = {1931-3357},
	shorttitle = {Card {Sorting}},
	number = {1},
	journal = {J. Usability Studies},
	author = {Wood, Jed R. and Wood, Larry E.},
	month = nov,
	year = {2008},
	pages = {1--6}
}

@ARTICLE{righi_card_2013,
	title = {Card {Sort} {Analysis} {Best} {Practices}},
	volume = {8},
	issn = {1931-3357},
	number = {3},
	journal = {J. Usability Studies},
	author = {Righi, Carol and James, Janice and Beasley, Michael and Day, Donald L. and Fox, Jean E. and Gieber, Jennifer and Howe, Chris and Ruby, Laconya},
	month = may,
	year = {2013},
	pages = {69--89}
}

@INPROCEEDINGS{whalley_salient_2011,
	address = {Darlinghurst, Australia, Australia},
	series = {{ACE} '11},
	title = {Salient {Elements} in {Novice} {Solutions} to {Code} {Writing} {Problems}},
	isbn = {978-1-920682-94-1},
	booktitle = {Proceedings of the {Thirteenth} {Australasian} {Computing} {Education} {Conference} - {Volume} 114},
	publisher = {Australian Computer Society, Inc.},
	author = {Whalley, Jacqueline and Clear, Tony and Robbins, Phil and Thompson, Errol},
	year = {2011},
	pages = {37--46}
}

@INPROCEEDINGS{thompson_holistic_2007,
	address = {Darlinghurst, Australia, Australia},
	series = {{ACE} '07},
	title = {Holistic {Assessment} {Criteria}: {Applying} {SOLO} to {Programming} {Projects}},
	isbn = {978-1-920682-46-0},
	shorttitle = {Holistic {Assessment} {Criteria}},
	booktitle = {Proceedings of the {Ninth} {Australasian} {Conference} on {Computing} {Education} - {Volume} 66},
	publisher = {Australian Computer Society, Inc.},
	author = {Thompson, Errol},
	year = {2007},
	pages = {155--162}
}
